@book{suppes1960,
  author = {Patrick Suppes},
  title  = {Axiomatic Set Theory},
  year   = {1960}
}

@book{maclane1997,
  place     = {New York u.a.},
  title     = {Categories for the working mathematician},
  publisher = {Springer},
  author    = {Mac Lane, Saunders},
  year      = {1997}
}
